
@book{mitchell_margaret_gone_1936,
	title = {Gone with the {Wind}},
	author = {{Mitchell, Margaret}},
	month = jun,
	year = {1936},
}

@book{bronte_charlotte_jane_1847,
	title = {Jane {Eyre}},
	author = {{Bronte, Charlotte}},
	month = oct,
	year = {1847},
}

@book{austen_jane_pride_1813,
	title = {Pride and {Prejudice}},
	author = {{Austen, Jane}},
	month = jan,
	year = {1813},
}

@book{lee_harper_kill_1960,
	title = {To {Kill} a {Mockingbird}},
	author = {{Lee, Harper}},
	month = jul,
	year = {1960},
}

@book{tolkien_jrr_hobbit_1937,
	title = {The {Hobbit}},
	author = {{Tolkien, J.R.R.}},
	month = sep,
	year = {1937},
}

@book{bronte_emily_wuthering_1847,
	title = {Wuthering {Heights}},
	author = {{Bronte, Emily}},
	month = dec,
	year = {1847},
}

@book{alcott_louisa_may_little_1868,
	title = {Little {Women}},
	author = {{Alcott, Louisa May}},
	month = sep,
	year = {1868},
}

@book{dickens_charles_tale_1859,
	title = {A {Tale} of {Two} {Cities}},
	author = {{Dickens, Charles}},
	month = nov,
	year = {1859},
}

@book{carroll_lewis_alices_1871,
	title = {Alice's {Adventures} in {Wonderland}},
	author = {{Carroll, Lewis}},
	month = dec,
	year = {1871},
}

@book{montgomery_lm_anne_1908,
	title = {Anne of {Green} {Gables}},
	author = {{Montgomery, L.M.}},
	month = jan,
	year = {1908},
}

@article{breiman_leo_random_2001,
	title = {Random {Forests}},
	volume = {45},
	journal = {Machine Learning},
	author = {{Breiman, Leo}},
	month = oct,
	year = {2001},
	pages = {5--32},
}

@article{olken_frank_random_1995,
	title = {Random sampling from databases: a survey},
	volume = {5},
	journal = {Stat Comput},
	author = {{Olken, Frank} and {Rotem, Doron}},
	month = mar,
	year = {1995},
	pages = {25--42},
}

@article{matyas_i_random_1965,
	title = {Random {Optimization}},
	volume = {26},
	number = {2},
	journal = {Avtomat. i Telemekh.},
	author = {{Mátyáš, I.}},
	year = {1965},
	pages = {246--253},
}

@article{moller_j_random_1989,
	title = {Random tessellations},
	volume = {21},
	number = {1},
	journal = {Advances in Applied Probability},
	author = {{Møller, J.}},
	month = mar,
	year = {1989},
	pages = {37--73},
}

@article{lecuyer_pierre_random_1990,
	title = {Random numbers for simulation},
	volume = {33},
	number = {10},
	journal = {Communications of the ACM},
	author = {{L'Ecuyer, Pierre}},
	month = oct,
	year = {1990},
	pages = {85--97},
}

@article{martin-lof_per_definition_1966,
	title = {The definition of random sequences},
	volume = {9},
	number = {6},
	journal = {Information and Control},
	author = {{Martin-Löf, Per}},
	month = dec,
	year = {1966},
	pages = {602--619},
}

@article{tsoumakas_grigorios_random_2010,
	title = {Random k-{Labelsets} for {Multilabel} {Classification}},
	volume = {23},
	number = {7},
	journal = {IEEE Transactions on Knowledge and Data Engineering},
	author = {{Tsoumakas, Grigorios} and {Katakis, Ioannis} and {Vlahavas, Ioannis}},
	month = sep,
	year = {2010},
	pages = {1079--1089},
}

@article{biau_gerard_random_2016,
	title = {A random forest guided tour},
	volume = {25},
	journal = {TEST},
	author = {{Biau, Gerard} and {Scornet, Erwan}},
	month = apr,
	year = {2016},
	pages = {197--227},
}

@article{halmos_paul_r_random_1944,
	title = {Random {Alms}},
	volume = {15},
	number = {2},
	journal = {The Annals of Mathematical Statistics},
	author = {{Halmos, Paul R.}},
	month = jun,
	year = {1944},
	pages = {182--189},
}

@article{gilbert_en_random_1959,
	title = {Random {Graphs}},
	volume = {30},
	number = {4},
	journal = {The Annals of Mathematical Statistics},
	author = {{Gilbert, E.N.}},
	month = dec,
	year = {1959},
	pages = {1141--1144},
}

@misc{whisky_charly_eintrag_nodate,
	title = {Eintrag 2},
	journal = {Wikipedia},
	author = {{Whisky, Charly}},
}

@misc{whisky_charly_eintrag_nodate-1,
	title = {Eintrag 3},
	journal = {Wikipedia},
	author = {{Whisky, Charly}},
}

@misc{whisky_charly_eintrag_nodate-2,
	title = {Eintrag 4},
	journal = {Wikipedia},
	author = {{Whisky, Charly}},
}

@misc{whisky_charly_eintrag_nodate-3,
	title = {Eintrag 5},
	journal = {Wikipedia},
	author = {{Whisky, Charly}},
}

@misc{whisky_charly_eintrag_nodate-4,
	title = {Eintrag 6},
	journal = {Wikipedia},
	author = {{Whisky, Charly}},
}

@misc{whisky_charly_eintrag_nodate-5,
	title = {Eintrag 7},
	journal = {Wikipedia},
	author = {{Whisky, Charly}},
}

@misc{whisky_charly_eintrag_nodate-6,
	title = {Eintrag 8},
	journal = {Wikipedia},
	author = {{Whisky, Charly}},
}

@misc{whisky_charly_eintrag_nodate-7,
	title = {Eintrag 9},
	journal = {Wikipedia},
	author = {{Whisky, Charly}},
}

@misc{whisky_charly_eintrag_nodate-8,
	title = {Eintrag 10},
	journal = {Wikipedia},
	author = {{Whisky, Charly}},
}

@misc{whisky_charly_eintrag_nodate-9,
	title = {Eintrag 1},
	journal = {Wikipedia},
	author = {{Whisky, Charly}},
}
