%%%%%%%%%%%%%%%%%%%%%%%%%%%%%%%%&
%%%%%%%%%%%%%%%%%%%%%%%%%%%%%%%%&
%%%%%%%%%%%%%%%%%%%%%%%%%%%%%%%%%
% Journals %%%%%%%%%%%%%%%%%%%%%%
@inproceedings{farahat2012,
  title={How effective is targeted advertising?},
  author={Ayman Farahat},
  pages={111--120},
  year={2012}
}
%title={Proceedings of the 21st international conference on World Wide Web},

%@inproceedings{FarahatDOI,
%author = {Farahat, Ayman and Bailey, Michael C.},
%title = {How Effective is Targeted Advertising?},
%year = {2012},
%publisher = {Association for Computing Machinery},
%address = {New York, NY, USA},
%doi = {10.1145/2187836.2187852},
%pages = {111–120},
%numpages = {10},
%location = {Lyon, France},
%series = {WWW '12}
%}

@article{pallas2020,
  title = {They who must not be identified--distinguishing personal from non-personal data under the {GDPR}},
  author = {Finck, Michèle and Pallas, Frank},
  journal = {International Data Privacy Law},
  volume = {10},
  number = {1},
  pages = {11--36},
  year = {2020},
  doi = {10.1093/idpl/ipz026},
  issn = {2044-3994},
  publisher = {Oxford University Press}
}

@article{alchian1972,
  title={Production, information costs, and economic organization},
  author={Alchian, Armen A and Demsetz, Harold},
  journal={The American economic review},
  volume={62},
  number={5},
  pages={777--795},
  year={1972},
  publisher={JSTOR}
}

@article{bizer2007,
  title={Sieben Goldene Regeln des Datenschutzes},
  author={Bizer, Johann},
  journal={Datenschutz und Datensicherheit - DuD},
  volume={31},
  number={5},
  pages={350--356},
  year={2007},
  publisher={Springer},
  doi={10.1007/s11623-007-0133-x}
}


@article{hammouchi2019,
  title={Digging deeper into data breaches: An exploratory data analysis of hacking breaches over time},
  author={Hammouchi, Hicham and Cherqi, Othmane and Mezzour, Ghita and Ghogho, Mounir and El Koutbi, Mohammed},
  journal={Procedia Computer Science},
  volume={151},
  pages={1004--1009},
  year={2019},
  publisher={Elsevier}
}

@misc{network2012study,
  title={Study finds behaviorally targeted ads more than twice as valuable},
  author={Network Advertising Initiative and others},
  year={2012}
}

@article{thomas2018,
  title={Opinion-on online manipulation and personal data},
  author={Thomas, HUBERT},
  year={2018},
  publisher={EASO: European Asylum Support Office}
}

@misc{duckduckgo_whitepaper,
  title = {White Paper on the Search Engine Market Features and Competitive Landscape},
  author = {{Duck Duck Go, Inc.}},
  year = {2021},
  howpublished = {Paoli, Pennsylvania: Duck Duck Go, Inc.},
  url = {https://staticcdn.duckduckgo.com/press/DuckDuckGo-White-Paper-on-search_March-2021.pdf},
}

@article{miklovsik2016,
  title={Search engine optimisation and Google Answer Box},
  author={Miklo{\v{s}}{\'\i}k, Andrej and Da{\v{n}}o, Ferdinand},
  journal={Communication Today},
  volume={7},
  number={1},
  year={2016}
}

@article{varian2017,
  title={Use and abuse of network effects},
  author={Varian, Hal R},
  journal={Available at SSRN 3215488},
  year={2017}
}

@article{williamson1989,
  title={Transaction cost economics},
  author={Williamson, Oliver E},
  journal={Handbook of industrial organization},
  volume={1},
  pages={135--182},
  year={1989},
  publisher={Elsevier}
}

@article{parker2005two,
  title={Two-sided network effects: A theory of information product design},
  author={Parker, Geoffrey G and Van Alstyne, Marshall W},
  journal={Management science},
  volume={51},
  number={10},
  pages={1494--1504},
  year={2005},
  publisher={INFORMS}
}

@article{caillaud2003,
  title={Chicken \& egg: Competition among intermediation service providers},
  author={Caillaud, Bernard and Jullien, Bruno},
  journal={RAND journal of Economics},
  pages={309--328},
  year={2003},
  publisher={JSTOR}
}

@article{duhan2009AR,
  title={Page ranking algorithms: a survey},
  author={Duhan, Neelam and Sharma, AK and Bhatia, Komal Kumar},
  booktitle={2009 IEEE International Advance Computing Conference},
  pages={1530--1537},
  year={2009},
  organization={IEEE}
}

@inproceedings{duhan2009IN,
  title={Page ranking algorithms: a survey},
  author={Duhan, Neelam and Sharma, AK and Bhatia, Komal Kumar},
  booktitle={2009 IEEE International Advance Computing Conference},
  pages={1530--1537},
  year={2009},
  organization={IEEE}
}
%clemens
@article{stummer2018platform,
  title={Platform launch strategies},
  author={Stummer, Christian and Kundisch, Dennis and Decker, Reinhold},
  journal={Business \& Information Systems Engineering},
  volume={60},
  pages={167--173},
  year={2018},
  publisher={Springer}
}

@article{linde2009pricing,
  title={Pricing information goods},
  author={Linde, Frank},
  journal={Journal of Product \& Brand Management},
  volume={18},
  number={5},
  pages={379--384},
  year={2009},
  publisher={Emerald Group Publishing Limited}
}

%%%%%%%%%%%%%%%%%%%%%%%%%%%%%%%%&
%%%%%%%%%%%%%%%%%%%%%%%%%%%%%%%%&
%%%%%%%%%%%%%%%%%%%%%%%%%%%%%%%%%
%books %%%%%%%%%%%%%%%%%%%%%%
@book{green_business,
  title={Green Business Process Management},
  author={Holger-Schmidt},
  year={2012},
  publisher={Springer Berlin Heidelberg}
}
%  address={Berlin, Heidelberg},
%isbn={978-3-642-27487-9}

@book{shapiro1999,
  title={Information rules: A strategic guide to the network economy},
  author={Shapiro, Carl and Varian, Hal R and Carl, Shapiro and others},
  year={1999},
  publisher={Harvard Business Press}
}

@book{hoepman2014,
  title={Privacy Design Strategies},
  author={Hoepman, Jaap-Henk},
  year={2014},
  publisher={Springer Berlin Heidelberg},
  address={Berlin, Heidelberg},
  isbn={978-3-642-55415-5}
}

%verdcits %%%%%%%%%%%%%%%%%%%%%%
@article{aepd,
  author = "{Agencia Española de Protección de Datos}",
  title = "{Resolución del procedimiento sancionador}",
  howpublished = {\\ https://www.aepd.es/es/documento/ps-00140-2020.pdf},
  year = {2020}
}

@article{council_of_state,
  author = "{Conseil d'État}",
  title = "{Sanction infligée à Google par la CNIL}",
  howpublished = {\\ https://www.conseil-etat.fr/ressources/decisions-contentieuses/dernieres-decisions-importantes/conseil-d-etat-19-juin-2020-sanction-infligee-a-google-par-la-cnil},
  year = {2020}
}
%note = {Accessed: February 18, 2023}

%%%%%%%%%%%%%%%%%%%%%%%%%%%%%%%%&
%%%%%%%%%%%%%%%%%%%%%%%%%%%%%%%%&
%%%%%%%%%%%%%%%%%%%%%%%%%%%%%%%%%
% Websites %%%%%%%%%%%%%%%%%%%%%%
@misc{sorcher2022,
  author = {Sorcher, Richard},
  title = {Search Engine You.com Launches Public Beta, Looks to Take on Google},
  year = {2022},
  howpublished = {\\ https://cheddar.com/media/search-engine-you-com-launches-public-beta-looks-to-take-on-google},
  note = {Accessed: February 02, 2023}
}

@misc{youcom,
  author = {You.com},
  title = {Privacy Policy},
  year = {2023},
  howpublished = {\\ https://you.com/legal/privacy},
  note = {Accessed: February 18, 2023}
}

@misc{googleprivacy,
  author = {Google},
  title = {Google Privacy Policies},
  year = {2023},
  howpublished = {\\ https://policies.google.com/privacy?hl=en-US},
  note = {Accessed: February 17, 2023}
}

@misc{frankenfield_deanonymization,
  author = {Frankenfield, J.},
  title = {De-Anonymization},
  year = {2023},
  howpublished = {\\ https://www.investopedia.com/terms/d/deanonymization.asp},
  note = {Accessed: February 02, 2023}
}

@misc{cloud-act-eff,
  author = "{Lynch, Jennifer}",
  title = "{The {CLOUD} Act: A Dangerous Expansion of Police Snooping on Cross-Border Data}",
  year = {2018},
  howpublished = {\\https://www.eff.org/deeplinks/2018/02/cloud-act-dangerous-expansion-police-snooping-cross-border-data},
  note = {Accessed: February 10, 2023}
}

@misc{crunchbase,
  author = "{Crunchbase}",
  title = "{You.com Funding}",
  year = {2023},
  howpublished ={\\https://www.crunchbase.com/organization/you-com-523e/company-financials},
  note = {Accessed: February 06, 2023}
}

@misc{techcrunch2022,
  author = {Hagey, Keach},
  title = {You.com raises \$25M to fuel its AI-powered search engine},
  publisher = {TechCrunch},
  year = {2022},
  howpublished = {\\ https://techcrunch.com/2022/07/14/you-com-raises-25m-to-fuel-its-ai-powered-search-engine/},
  note = {Accessed: February 17, 2023}
}

@misc{youcom_ai,
  author = {You.com},
  title = {Frequently Asked Questions},
  year = {2023},
  howpublished = {\\ https://about.you.com/faq/},
  note = {Accessed: February 03, 2023}
}

@misc{thinkinsights,
  author = "{Sridharan, Mithun}",
  title = "{DuckDuckGo: A Digital Privacy Alternative to Google Search}",
  year = {2023},
  howpublished = {\\https://thinkinsights.net/digital/duckduckgo/},
  note = {Accessed: February 10, 2023}
}

@misc{google_data,
  author = {Google},
  title = {Ranking Results – How Google Search Works},
  year = {2023},
  howpublished = {\\ https://www.google.com/search/howsearchworks/how-search-works/ranking-results/},
  note = {Accessed: February 10, 2023}
}