@book{ mahl2021,
  title={White Paper on the Search Engine Market},
  author={MÃ¤hl, Florian and others},
  journal={Journal Name},
  year={2021}
}
